


%%%%%%%%%%%%%%%%%%%%%%%%%%%%%%%%%%%%%%%%%%%%%%%%%%%%%%%%%%%%

@article{Acheampong2020AdvancementOT,
  title={Advancement of Textual Answer Triggering: Cognitive Boosting},
  author={\textbf{First Author} et al.},
  journal={IEEE Transactions on Emerging Topics in Computing},
  year={2020},
  pages={1-1}
}
